<record><leader>00000cas a22000007a 4500</leader><controlfield tag="001">23721150</controlfield><controlfield tag="008">910509d19041905mouwr ne      0    0eng d</controlfield><datafield ind1=" " ind2=" " tag="010"><subfield code="a">sn 91061106 </subfield></datafield><datafield ind1=" " ind2=" " tag="040"><subfield code="a">MQN</subfield><subfield code="b">eng</subfield><subfield code="c">MQN</subfield><subfield code="d">OCLCQ</subfield></datafield><datafield ind1=" " ind2=" " tag="042"><subfield code="a">msc</subfield></datafield><datafield ind1="0" ind2="4" tag="245"><subfield code="a">The Forest City press.</subfield></datafield><datafield ind1=" " ind2=" " tag="260"><subfield code="a">Forest City, Mo. :</subfield><subfield code="b">Fred R. Barkhurst</subfield></datafield><datafield ind1=" " ind2=" " tag="300"><subfield code="a">v.</subfield></datafield><datafield ind1=" " ind2=" " tag="310"><subfield code="a">Weekly</subfield></datafield><datafield ind1="1" ind2=" " tag="362"><subfield code="a">Began in 1904? Ceased in 1905?</subfield></datafield><datafield ind1=" " ind2=" " tag="588"><subfield code="a">Description based on: Vol. 2, no. 23 (Feb. 5, 1904).</subfield></datafield><datafield ind1=" " ind2="4" tag="651"><subfield code="a">Forest City (Mo.)</subfield><subfield code="v">Newspapers.</subfield></datafield><datafield ind1=" " ind2=" " tag="752"><subfield code="a">United States</subfield><subfield code="b">Missouri</subfield><subfield code="c">Holt</subfield><subfield code="d">Forest City.</subfield></datafield><datafield ind1="0" ind2="0" tag="780"><subfield code="t">Forest City star</subfield><subfield code="w">(DLC)sn 91061095</subfield></datafield><datafield ind1="1" ind2=" " tag="029"><subfield code="a">AU@</subfield><subfield code="b">000025897615</subfield></datafield></record>